@article{riviere_hierarchical_2015,
	title = {{Hierarchical} {Bayesian} {Modeling} for {Flexible} {Experiments} in {Decentralized} {Participatory} {Plant} {Breeding}},
	volume = {55},
	number = {3},
	journal = {Crop Science},
	author = {Rivière, P. and Dawson, J.C. and Goldringer, I. and David, O.},
	year = {2015}
}

@article{riviere_hierarchical_2015-1,
	title = {Hierarchical multiplicative modeling of genotype × environment interaction for flexible experiments in decentralized participatory plant breeding},
	volume = {},
	journal = {In prep},
	author = {Rivière, P. and Dawson, J.C. and Goldringer, I. and David, O.},
	year = {2015}
}


@book{robert_bayesian_2001,
	edition = {second},
	series = {Springer {Texts} in {Statistics}},
	title = {The {Bayesian} {Choice}},
	publisher = {Springer},
	author = {Robert, C.P.},
	year = {2001}
}


@article{gelman_inference_1992,
	title = {Inference from {Iterative} {Simulation} {Using} {Multiple} {Sequences} (with discussion).},
	number = {7},
	journal = {Statistical Science},
	author = {Gelman, A. and Rubin, D.B.},
	year = {1992},
	pages = {457--511},
	file = {Gelman et Rubin - 1992 - Inference from Iterative Simulation Using Multiple.pdf:/home/pierre/Documents/biblio/storage/6593TTEP/Gelman et Rubin - 1992 - Inference from Iterative Simulation Using Multiple.pdf:application/pdf}
}


@article{desclaux_changes_2008,
	title = {Changes in the concept of genotype {X} environment interactions to fit agriculture diversification and decentralized participatory plant breeding: pluridisciplinary point of view},
	volume = {163},
	journal = {Euphytica},
	author = {Desclaux, D. and Nolot, J. M. and Chiffoleau, Y. and Leclerc, C. and Gozé, E.},
	year = {2008},
	keywords = {breeding, conservation, diversity, genetic, heterogeneous, impact, low-input, on-farm, organic, participatory},
	pages = {533--546},
	file = {Desclaux et al. - 2008 - Changes in the concept of genotype X environment i.pdf:/home/pierre/Documents/biblio/storage/ICTVFAQ6/Desclaux et al. - 2008 - Changes in the concept of genotype X environment i.pdf:application/pdf}
}


@article{spiegelhalter_bayesian_2002,
	title = {Bayesian measures of model complexity and fit},
	volume = {64},
	language = {en},
	number = {4},
	journal = {Journal of the Royal Statistical Society: Series B (Statistical Methodology)},
	author = {Spiegelhalter, D. J. and Best, N. G. and Carlin, B. P. and Van Der Linde, A.},
	year = {2002},
	keywords = {Bayesian model comparison, Decision theory, Deviance information criterion, Effective number of parameters, hierarchical models, Information theory, Leverage, Markov chain Monte Carlo methods, Model dimension},
	pages = {583--639}
}

@article{plummer_penalized_2008,
	title = {Penalized loss functions for {Bayesian} model comparison},
	volume = {9},
	number = {3},
	urldate = {2013-07-18},
	journal = {Biostatistics},
	author = {Plummer, M.},
	month = jul,
	year = {2008},
	keywords = {Bayesian model comparison, Deviance information criterion, Disease mapping, Markov chain Monte Carlo methods, Mixture models},
	pages = {523--539}
}


@article{finlay_analysis_1963,
	title = {The analysis of adaptation in a plant-breeding programme},
	volume = {14},
	number = {6},
	journal = {Australian Journal of Agricultural Research},
	author = {Finlay, K.W. and Wilkinson, G.N.},
	year = {1963},
	pages = {742--754}
}


@article{nabugoomu_analysis_1999,
	title = {Analysis of series of trials where varieties differ in sensitivity to locations},
	volume = {4},
	number = {3},
	journal = {Journal of agricultural, biological and environnmental Statistics},
	author = {Nabugoomu, F. and Kempton, R.A. and Talbot, M.},
	year = {1999},
	pages = {310--325}
}

@techreport{husson_principal_2010,
	address = {Agrocampus Ouest},
	title = {Principal component methods - hierarchical clustering - partitional clustering: why would we need to choose for visualizing data?},
	author = {Husson, F. and Josse, J. and Pagès, J.},
	year = {2010}
}

